% bibliografia

%@book{womak:lean-thinking,
%    author  = {James P. Womack, Daniel T. Jones},
%    title   = {Lean Thinking, Second Editon},
%    publisher = {Simon \& Schuster, Inc.},
%    year    = {2010}
%}

@book{gamma:design-patterns,
    author  = {Gamma E., Vlissides J., Johnson R.},
    title   = {Design Patterns: Elements of Reusable Object-Oriented Software},
    publisher = {},
    year    = {1997}
}

% sitografia

@online{site:UseCase,
    url     = {https://www.math.unipd.it/~rcardin/swea/2021/Diagrammi Use Case_4x4.pdf},
    title   = {Casi D'uso},
}

@online{maven,
    title   = {Apache Maven Website},
    url     = {https://maven.apache.org/}
}

@online{spring,
    title   = {Spring Framework Website},
    url     = {https://spring.io/projects/spring-framework}
}

@online{spring-initializr,
    title   = {Spring Initializr Website},
    url     = {https://start.spring.io/}
}

@online{spring-boot,
    title   = {SpringBoot},
    url     = {https://spring.io/projects/spring-boot}
}

@online{spring-jpa,
    title   = {Spring Data JPA},
    url     = {https://spring.io/projects/spring-data-jpa}
}

@online{spring-rest,
    title   = {Spring Data REST},
    url     = {https://spring.io/projects/spring-data-rest}
}


@online{next-tutorial,
    title   = {Next.js Tutorial},
    url     = {https://nextjs.org/docs/getting-started}
}

@online{angular-best-practices,
    title   = {Angular Best Practices},
    url     = {https://angular.io/guide/styleguide}
}

@online{react-best-practices,
    title   = {React Best Practices},
    url     = {https://reactjs.org/docs/thinking-in-react.html}
}

@online{site:angular,
    title   = {Angular Website},
    url     = {https://angular.io/}
}

@online{site:react,
    title   = {React Website},
    url     = {https://it.reactjs.org/}
}

@online{angular-direttive,
    title   = {Direttive Angular},
    url     = {https://angular.io/guide/attribute-directives}
}

@online{angular-cli,
    title   = {Angular CLI},
    url     = {https://angular.io/cli}
}

@online{npm,
    title   = {Node Package Manager},
    url     = {https://www.npmjs.com/}
}

@online{nextjs,
    title   = {Next.js Website},
    url     = {https://nextjs.org/}
}

@online{angular-universal,
    title   = {Angular Universal Website},
    url     = {https://angular.io/guide/universal}
}

@online{scully,
    title   = {Scully Website},
    url     = {https://scully.io/}
}
